@article{mou2015,
  title={On End-to-End Program Generation from User Intention by Deep Neural Networks},
  author={Mou, Lili and Men, Rui and Li, Ge and Zhang, Lu and Jin, Zhi},
  journal={arXiv preprint arXiv:1510.07211},
  year={2015}
}

@inproceedings{kushman2013,
  title={Using semantic unification to generate regular expressions from natural language},
  author={Kushman, Nate and Barzilay, Regina},
  year={2013},
  organization={North American Chapter of the Association for Computational Linguistics (NAACL)}
}

@inproceedings{ge2009,
  title={Learning a compositional semantic parser using an existing syntactic parser},
  author={Ge, Ruifang and Mooney, Raymond J},
  booktitle={Proceedings of the Joint Conference of the 47th Annual Meeting of the ACL and the 4th International Joint Conference on Natural Language Processing of the AFNLP: Volume 2-Volume 2},
  pages={611--619},
  year={2009},
  organization={Association for Computational Linguistics}
}

@incollection{mihalcea2006,
  title={{NLP} (natural language processing) for {NLP} (natural language programming)},
  author={Mihalcea, Rada and Liu, Hugo and Lieberman, Henry},
  booktitle={Computational Linguistics and Intelligent Text Processing},
  pages={319--330},
  year={2006},
  publisher={Springer}
}

@inproceedings{tannier2005,
  title={{XML} retrieval with a natural language interface},
  author={Tannier, Xavier and Geva, Shlomo},
  booktitle={String Processing and Information Retrieval},
  pages={29--40},
  year={2005},
  organization={Springer}
}

@inproceedings{kate2005,
  title={Learning to transform natural to formal languages},
  author={Kate, Rohit J and Wong, Yuk Wah and Mooney, Raymond J},
  booktitle={Proceedings of the National Conference on Artificial Intelligence},
  volume={20},
  number={3},
  pages={1062},
  year={2005},
  organization={Menlo Park, CA; Cambridge, MA; London; AAAI Press; MIT Press; 1999}
}

@article{capindale1990,
  title={Using a natural language interface with casual users},
  author={Capindale, Ruth A and Crawford, Robert G},
  journal={International Journal of Man-Machine Studies},
  volume={32},
  number={3},
  pages={341--361},
  year={1990},
  publisher={Elsevier}
}

@article{harris1977,
  title={User oriented data base query with the {ROBOT} natural language query system},
  author={Harris, Larry R},
  journal={International Journal of Man-Machine Studies},
  volume={9},
  number={6},
  pages={697--713},
  year={1977},
  publisher={Elsevier}
}

@article{kaplan1979,
  title={Cooperative responses from a portable natural language data base query system.},
  author={Kaplan, Samuel Jerrold},
  year={1979},
  publisher={University of Pennsylvania}
}

@inproceedings{ballard1979,
  title={Programming in natural language: ``{NLC}" as a prototype},
  author={Ballard, Bruce W and Biermann, Alan W},
  booktitle={Proceedings of the 1979 annual conference},
  pages={228--237},
  year={1979},
  organization={ACM}
}

@article{biermann1983,
  title={An experimental study of natural language programming},
  author={Biermann, Alan W and Ballard, Bruce W and Sigmon, Anne H},
  journal={International journal of man-machine studies},
  volume={18},
  number={1},
  pages={71--87},
  year={1983},
  publisher={Elsevier}
}

@article{heidorn1976,
  title={Automatic programming through natural language dialogue: A survey},
  author={Heidorn, George E},
  journal={IBM Journal of research and development},
  volume={20},
  number={4},
  pages={302--313},
  year={1976},
  publisher={IBM Corp.}
}

@article{raza2015,
  title={Compositional program synthesis from natural language and examples},
  author={Raza, Mohammad and Gulwani, Sumit and Milic-Frayling, Natasa},
  year={2015}
}

@inproceedings{berant2013,
  title={Semantic Parsing on Freebase from Question-Answer Pairs.},
  author={Berant, Jonathan and Chou, Andrew and Frostig, Roy and Liang, Percy},
  booktitle={EMNLP},
  pages={1533--1544},
  year={2013}
}

@mastersthesis{karampatsis2015,
  title={Translating Natural Language into Source Code via Tree Transduction},
  author={Karampatsis, Rafael},
  school={University of {E}dinburgh},
  year={2015},
}

@article{heidorn1974,
  title={English as a very high level language for simulation programming},
  author={Heidorn, George E},
  journal={ACM SIGPLAN Notices},
  volume={9},
  number={4},
  pages={91--100},
  year={1974},
  publisher={ACM},
}

@inproceedings{das1992,
  title={Learning context-free grammars: Capabilities and limitations of a recurrent neural network with an external stack memory},
  author={Das, Sreerupa and Giles, C Lee and Sun, Guo-Zheng},
  booktitle={Proceedings of The Fourteenth Annual Conference of Cognitive Science Society},
  year={1992},
}

@inproceedings{wong2006,
  title={Learning for semantic parsing with statistical machine translation},
  author={Wong, Yuk Wah and Mooney, Raymond J},
  booktitle={Proceedings of the main conference on Human Language Technology Conference of the North American Chapter of the Association of Computational Linguistics},
  pages={439--446},
  year={2006},
  organization={Association for Computational Linguistics}
}

@inproceedings{quirk2015,
  title={Language to Code: Learning Semantic Parsers for If-This-Then-That Recipes},
  author={Quirk, Chris and Mooney, Raymond and Galley, Michel},
  booktitle={Proceedings of the 53rd Annual Meeting of the Association for Computational Linguistics (ACL-15)},
  pages={878--888},
  year={2015}
}

@inproceedings{sridhara2010,
  title={Towards automatically generating summary comments for java methods},
  author={Sridhara, Giriprasad and Hill, Emily and Muppaneni, Divya and Pollock, Lori and Vijay-Shanker, K},
  booktitle={Proceedings of the IEEE/ACM international conference on Automated software engineering},
  pages={43--52},
  year={2010},
  organization={ACM}
}

@phdthesis{zelle1995,
  title={Using inductive logic programming to automate the construction of natural language parsers},
  author={Zelle, John Marvin},
  year={1995},
  school={Citeseer}
}

@inproceedings{kuhlmann2004,
  title={Guiding a reinforcement learner with natural language advice: Initial results in RoboCup soccer},
  author={Kuhlmann, Gregory and Stone, Peter and Mooney, Raymond and Shavlik, Jude},
  booktitle={The AAAI-2004 workshop on supervisory control of learning and adaptive systems},
  year={2004}
}

@article{bahdanau2014,
  title={Neural machine translation by jointly learning to align and translate},
  author={Bahdanau, Dzmitry and Cho, Kyunghyun and Bengio, Yoshua},
  journal={arXiv preprint arXiv:1409.0473},
  year={2014}
}

@inproceedings{sutskever2014,
  title={Sequence to sequence learning with neural networks},
  author={Sutskever, Ilya and Vinyals, Oriol and Le, Quoc VV},
  booktitle={Advances in neural information processing systems},
  pages={3104--3112},
  year={2014}
}

